Trd, 000002.413, 75.0
Trd, 000004.163, 121.0
Trd, 000005.225, 114.0
Trd, 000008.000, 107
Trd, 000008.863, 115
Trd, 000009.000, 103
Trd, 000012.537, 109
Trd, 000013.175, 113.0
Trd, 000015.125, 113
Trd, 000015.362, 109
Trd, 000017.825, 108
Trd, 000018.237, 108
Trd, 000020.400, 108
Trd, 000022.687, 102.0
Trd, 000024.800, 107.0
Trd, 000025.375, 101.0
Trd, 000028.400, 108.0
Trd, 000028.500, 105
Trd, 000029.562, 100
Trd, 000029.625, 97
Trd, 000031.775, 111.0
Trd, 000034.000, 100
Trd, 000036.087, 119
Trd, 000036.675, 121.0
Trd, 000040.713, 111
Trd, 000041.613, 109
Trd, 000041.663, 107
Trd, 000043.038, 103.0
Trd, 000044.938, 106
Trd, 000049.013, 97
Trd, 000049.288, 97
Trd, 000050.125, 96
Trd, 000050.625, 96
Trd, 000051.000, 94
Trd, 000055.513, 95
Trd, 000055.625, 94.0
Trd, 000056.713, 95
Trd, 000056.825, 100
Trd, 000058.325, 99
Trd, 000058.575, 94.0
Trd, 000059.738, 98
Trd, 000064.013, 97
Trd, 000065.438, 96
Trd, 000065.513, 98
Trd, 000070.563, 101
Trd, 000072.588, 101
Trd, 000072.788, 99
Trd, 000073.763, 99
Trd, 000073.788, 100
Trd, 000074.463, 100
Trd, 000074.613, 106.0
Trd, 000079.650, 99
Trd, 000082.988, 95
Trd, 000083.513, 96
Trd, 000084.513, 96
Trd, 000084.788, 97
Trd, 000086.400, 96
Trd, 000086.738, 95
Trd, 000089.350, 97
Trd, 000089.763, 108.0
Trd, 000089.900, 111.0
Trd, 000090.188, 96.0
Trd, 000092.575, 113.0
Trd, 000095.475, 107
Trd, 000095.788, 107
Trd, 000097.175, 105
Trd, 000097.400, 109
Trd, 000098.025, 104
Trd, 000099.288, 103
Trd, 000108.463, 101
Trd, 000109.700, 103
Trd, 000110.563, 101
Trd, 000110.863, 102
Trd, 000113.450, 103
Trd, 000114.238, 100
Trd, 000114.588, 105.0
Trd, 000118.038, 105.0
Trd, 000119.713, 101
Trd, 000122.138, 106.0
Trd, 000122.175, 101.0
Trd, 000128.038, 102
Trd, 000128.275, 101
Trd, 000129.438, 102
Trd, 000131.175, 103
Trd, 000133.863, 108.0
Trd, 000136.188, 105.0
Trd, 000136.575, 106
Trd, 000137.688, 101.0
Trd, 000138.438, 102.0
Trd, 000138.775, 103.0
Trd, 000140.213, 102
Trd, 000140.625, 102
Trd, 000141.600, 101
Trd, 000145.338, 97
Trd, 000145.538, 100
Trd, 000146.000, 98
Trd, 000148.713, 97
Trd, 000150.238, 99
Trd, 000150.263, 96
Trd, 000151.612, 98
Trd, 000151.650, 101
Trd, 000152.350, 107.0
Trd, 000155.050, 96
Trd, 000155.437, 95
Trd, 000160.850, 95
Trd, 000161.337, 96
Trd, 000162.450, 96.0
Trd, 000163.475, 95
Trd, 000164.662, 96
Trd, 000165.600, 102
Trd, 000167.762, 96
Trd, 000170.650, 104.0
Trd, 000173.375, 108.0
Trd, 000174.962, 111.0
Trd, 000175.750, 109
Trd, 000176.100, 106
Trd, 000177.750, 106
Trd, 000177.912, 108
Trd, 000178.825, 105
Trd, 000182.250, 108
Trd, 000182.625, 108
Trd, 000184.312, 101.0
Trd, 000186.812, 102
Trd, 000188.175, 103.0
Trd, 000189.225, 108.0
Trd, 000190.975, 99
Trd, 000194.250, 100
Trd, 000194.262, 95
Trd, 000200.250, 103
Trd, 000200.662, 100
Trd, 000203.050, 100
Trd, 000204.075, 102
Trd, 000206.337, 102
Trd, 000206.562, 103
Trd, 000207.900, 106.0
Trd, 000208.887, 105
Trd, 000212.512, 105
Trd, 000212.787, 101.0
Trd, 000212.887, 111.0
Trd, 000216.450, 107
Trd, 000218.850, 106.0
Trd, 000220.237, 106.0
Trd, 000220.437, 105
Trd, 000220.737, 108.0
Trd, 000228.850, 105
Trd, 000229.037, 104
Trd, 000229.612, 107
Trd, 000230.875, 107
Trd, 000231.850, 104
Trd, 000232.900, 98
Trd, 000233.325, 104
Trd, 000233.387, 111.0
Trd, 000234.300, 107
Trd, 000236.062, 101
Trd, 000236.825, 101
Trd, 000237.312, 97
Trd, 000238.112, 95
Trd, 000239.337, 97
Trd, 000240.150, 97
Trd, 000240.787, 96
Trd, 000242.825, 93.0
Trd, 000243.775, 90
Trd, 000245.150, 94
Trd, 000245.562, 96
Trd, 000246.287, 97
Trd, 000248.887, 95
Trd, 000249.075, 98
Trd, 000256.000, 98
Trd, 000257.062, 100
Trd, 000257.412, 101
Trd, 000258.937, 107.0
Trd, 000258.950, 106
Trd, 000260.675, 106
Trd, 000262.237, 108.0
Trd, 000262.287, 108
Trd, 000262.462, 111.0
Trd, 000263.775, 106
Trd, 000265.262, 114.0
Trd, 000269.237, 106
Trd, 000270.112, 97
Trd, 000271.312, 102
Trd, 000272.062, 102
Trd, 000273.687, 95
Trd, 000274.125, 102
Trd, 000277.900, 100
Trd, 000279.175, 104.0
Trd, 000282.875, 99
Trd, 000283.387, 98
Trd, 000283.562, 103
Trd, 000286.225, 100
Trd, 000287.137, 100
Trd, 000290.525, 101
Trd, 000292.125, 102
Trd, 000295.025, 108.0
Trd, 000295.625, 102
Trd, 000298.162, 105
Trd, 000298.362, 109.0
Trd, 000300.812, 105.0
Trd, 000303.087, 103.0
Trd, 000305.037, 102
Trd, 000305.750, 101
Trd, 000306.187, 97
Trd, 000306.475, 106.0
Trd, 000307.812, 102
Trd, 000308.062, 105
Trd, 000311.462, 98
Trd, 000318.400, 100
Trd, 000321.062, 100
Trd, 000321.287, 100
Trd, 000323.575, 100
Trd, 000324.125, 100
Trd, 000324.862, 99
Trd, 000326.200, 98
Trd, 000326.325, 99
Trd, 000326.537, 98
Trd, 000328.600, 101
Trd, 000329.350, 106.0
Trd, 000331.575, 101.0
Trd, 000332.587, 101
Trd, 000336.525, 98
Trd, 000337.087, 98
Trd, 000338.187, 98
Trd, 000338.250, 97
Trd, 000339.100, 101
Trd, 000342.300, 102
Trd, 000342.762, 102
Trd, 000343.025, 101
Trd, 000344.687, 101.0
Trd, 000345.562, 99
Trd, 000345.675, 110.0
Trd, 000346.975, 95
Trd, 000349.212, 102
Trd, 000349.550, 104
Trd, 000352.300, 110.0
Trd, 000352.725, 105
Trd, 000355.525, 104
Trd, 000359.050, 106
Trd, 000360.650, 104
Trd, 000362.812, 102.0
Trd, 000363.700, 105
Trd, 000363.925, 101.0
Trd, 000366.775, 104
Trd, 000367.375, 110.0
Trd, 000372.025, 109.0
Trd, 000374.362, 107
Trd, 000374.612, 107
Trd, 000377.350, 107
Trd, 000378.375, 104
Trd, 000378.575, 104
Trd, 000382.275, 97
Trd, 000383.387, 97
Trd, 000384.625, 97
Trd, 000384.912, 97
Trd, 000387.412, 98
Trd, 000389.087, 98
Trd, 000390.262, 106.0
Trd, 000390.700, 97
Trd, 000392.487, 102
Trd, 000393.500, 103
Trd, 000394.537, 105
Trd, 000394.875, 106.0
Trd, 000398.725, 106.0
Trd, 000399.875, 106
Trd, 000403.025, 103
Trd, 000404.250, 102
Trd, 000405.337, 102
Trd, 000405.825, 101.0
Trd, 000406.475, 101
Trd, 000407.937, 101
Trd, 000408.787, 102
Trd, 000411.275, 103
Trd, 000411.975, 102
Trd, 000416.400, 101
Trd, 000417.050, 97
Trd, 000419.025, 103
Trd, 000419.412, 104
Trd, 000421.325, 108.0
Trd, 000421.812, 111.0
Trd, 000422.412, 101
Trd, 000422.887, 114.0
Trd, 000424.250, 96
Trd, 000430.212, 103
Trd, 000430.837, 100
Trd, 000431.262, 98
Trd, 000433.287, 102
Trd, 000434.525, 102
Trd, 000438.437, 99
Trd, 000439.025, 99
Trd, 000440.637, 101
Trd, 000440.875, 102
Trd, 000441.375, 102
Trd, 000442.375, 106.0
Trd, 000443.537, 106
Trd, 000447.262, 102
Trd, 000448.337, 105
Trd, 000449.737, 104
Trd, 000450.225, 103
Trd, 000452.037, 104
Trd, 000454.350, 108.0
Trd, 000455.375, 111.0
Trd, 000459.200, 102
Trd, 000461.350, 105
Trd, 000461.437, 103
Trd, 000468.200, 104
Trd, 000468.400, 102.0
Trd, 000468.862, 101.0
Trd, 000469.475, 97
Trd, 000470.787, 98
Trd, 000472.187, 97
Trd, 000473.087, 98
Trd, 000474.187, 105
Trd, 000474.500, 104
Trd, 000476.362, 100
Trd, 000477.662, 101
Trd, 000478.125, 101
Trd, 000478.437, 106.0
Trd, 000479.150, 108.0
Trd, 000480.762, 97
Trd, 000481.550, 96
Trd, 000482.300, 95
Trd, 000482.425, 93.0
Trd, 000482.800, 90
Trd, 000485.200, 107.0
Trd, 000487.375, 101.0
Trd, 000488.150, 101
Trd, 000492.825, 93.0
Trd, 000494.912, 99
Trd, 000495.537, 98
Trd, 000495.912, 98
Trd, 000497.500, 103
Trd, 000500.750, 99
Trd, 000500.800, 100
Trd, 000504.637, 99
Trd, 000505.125, 98
Trd, 000505.262, 97
Trd, 000507.437, 101
Trd, 000508.112, 102
Trd, 000509.050, 102
Trd, 000511.537, 100
Trd, 000512.025, 106
Trd, 000513.387, 98
Trd, 000514.087, 95
Trd, 000517.000, 97
Trd, 000520.112, 95.0
Trd, 000520.512, 106.0
Trd, 000522.587, 106.0
Trd, 000524.612, 101.0
Trd, 000527.212, 101
Trd, 000527.862, 102
Trd, 000528.575, 108.0
Trd, 000531.462, 103
Trd, 000532.512, 102
Trd, 000532.612, 103
Trd, 000532.887, 102
Trd, 000533.775, 101
Trd, 000534.275, 101
Trd, 000536.237, 108
Trd, 000538.025, 107.0
Trd, 000538.062, 108.0
Trd, 000540.387, 108
Trd, 000543.600, 112.0
Trd, 000543.987, 105
Trd, 000545.312, 105
Trd, 000545.337, 111.0
Trd, 000545.700, 107
Trd, 000546.112, 94
Trd, 000548.587, 103
Trd, 000550.462, 103
Trd, 000550.850, 99
Trd, 000552.337, 112.0
Trd, 000556.050, 107
Trd, 000559.300, 104.0
Trd, 000563.875, 106.0
Trd, 000564.625, 106
Trd, 000565.212, 104
Trd, 000568.275, 108.0
Trd, 000568.300, 111.0
Trd, 000570.212, 111
Trd, 000572.350, 110
Trd, 000573.000, 111.0
Trd, 000574.237, 109
Trd, 000577.900, 111.0
Trd, 000578.450, 107
Trd, 000578.600, 111
Trd, 000578.962, 107
Trd, 000581.912, 106
Trd, 000585.137, 106
Trd, 000585.950, 101.0
Trd, 000586.637, 95
Trd, 000588.925, 100
Trd, 000589.700, 98
Trd, 000591.425, 98
Trd, 000592.175, 98
Trd, 000593.325, 97
Trd, 000593.775, 98
Trd, 000594.425, 96
Trd, 000594.462, 98
Trd, 000595.925, 101
